@article{moreno2018revisiones,
  title={Revisiones Sistem{\'a}ticas: definici{\'o}n y nociones b{\'a}sicas},
  author={Moreno, Bego{\~n}a and Mu{\~n}oz, Maximiliano and Cuellar, Javier and Domancic, Stefan and Villanueva, Julio},
  journal={Revista cl{\'\i}nica de periodoncia, implantolog{\'\i}a y rehabilitaci{\'o}n oral},
  volume={11},
  number={3},
  pages={184--186},
  year={2018},
  publisher={Sociedad de Periodoncia de Chile. Sociedad de Implantolog{\'\i}a Oral de Chile~â€¦}
}